%% This BibTeX bibliography file was created using BibDesk.
%% http://www.cs.ucsd.edu/~mmccrack/bibdesk.html


%% Created for neil at 2002-12-09 14:04:13 +1300 


@article{SaferConstruction,
	author  = {Joseph (Yossi) Gill and Tali Shragai}, 
	title   = {{Are We Ready for a Safer Construction Environment?}},
	journal = {Genoa Proceedings of the 23rd European Conference on ECOOP},
	year    = 2009,
	pages   = {495-519}
}

@article{ShapeOfJava,
	author  = {Gareth Baxter and Marcus Frean and James Noble and Mark Rickerby and Hayden Smith and Matt Visser and Hayden Melton and Ewan Tempero}, 
	title   = {{Understanding the Shape of Java Software}},
	journal = {Proceedings of the 21st annual ACM SIGPLAN conference on Object-oriented programming systems, languages, and applications},
	year    = 2006,
	pages   = {397-412}
}

@article{JavaMicropatterns,
	author  = {Joseph (Yossi) Gill and Itay Maman}, 
	title   = {{Micro Patterns in Java Code}},
	journal = {Proceedings of the 20th annual ACM SIGPLAN conference on Object-oriented programming, systems, languages, and applications},
	year    = 2005,
	pages   = {97-116}
}

@article{QualitasCorpus,
	author  = {Ewan Tempero and Craig Anslow and Jens Dietrich and Ted Han and Jing Li and Markus Lumpe and Hayden Melton and James Noble}, 
	title   = {{The Qualitas Corpus: A Curated Collection of Java Code for Empirical Studies}},
	journal = {Asia Pacific Software Engineering Conference},
	year    = 2010,
	pages   = {336-345}
}

@Inbook{InheritanceInJava,
	author="Tempero, Ewan
	and Yang, Hong Yul
	and Noble, James",
	editor="Castagna, Giuseppe",
	chapter="What Programmers Do with Inheritance in Java",
	title="ECOOP 2013 -- Object-Oriented Programming: 27th European Conference, Montpellier, France, July 1-5, 2013. Proceedings",
	year="2013",
	publisher="Springer Berlin Heidelberg",
	address="Berlin, Heidelberg",
	pages="577--601",
	isbn="978-3-642-39038-8",
	doi="10.1007/978-3-642-39038-8_24",
	url="http://dx.doi.org/10.1007/978-3-642-39038-8_24"
}

@Inbook{HowProgramsUseInheritance,
author="Tempero, Ewan
and Noble, James
and Melton, Hayden",
editor="Vitek, Jan",
chapter="How Do Java Programs Use Inheritance? An Empirical Study of Inheritance in Java Software",
title="ECOOP 2008 -- Object-Oriented Programming: 22nd European Conference Paphos, Cyprus, July 7-11, 2008 Proceedings",
year="2008",
publisher="Springer Berlin Heidelberg",
address="Berlin, Heidelberg",
pages="667--691",
isbn="978-3-540-70592-5",
doi="10.1007/978-3-540-70592-5_28",
url="http://dx.doi.org/10.1007/978-3-540-70592-5_28"
}

@article{InheritanceWithoutClasses,
	author  = {Timothy Jones
	and Michael Homer
	and James Noble
	and Kim Bruce}, 
	title   = {{Object Inheritance Without Classes}},
	journal = {30th European Conference on Object-Oriented Programming},
	year    = 2016,
}

@article{MetricsSuite,
	author = {Chidamber, Shyam R. and Kemerer, Chris F.},
	title = {Towards a Metrics Suite for Object Oriented Design},
	journal = {SIGPLAN Not.},
	issue_date = {Nov. 1991},
	volume = {26},
	number = {11},
	month = nov,
	year = {1991},
	issn = {0362-1340},
	pages = {197--211},
	numpages = {15},
	url = {http://doi.acm.org/10.1145/118014.117970},
	doi = {10.1145/118014.117970},
	acmid = {117970},
	publisher = {ACM},
	address = {New York, NY, USA},
} 
